@book{nemenyi1963distribution,
  title={Distribution-free multiple comparisons.},
  author={Nemenyi, Peter Bjorn},
  year={1963},
  publisher={Princeton University}
}

@article{lykou2020change,
  title={Change point analysis on the Corinth Gulf (Greece) seismicity},
  author={Lykou, R and Tsaklidis, Georgios and Papadimitriou, Eleftheria},
  journal={Physica A: Statistical Mechanics and its Applications},
  volume={541},
  pages={123630},
  year={2020},
  publisher={Elsevier}
}

@article{ozkaya2021new,
  title={A new technique to analyse threshold-intensities based on time dependent change-points in the ratio of minute ventilation and end-tidal partial pressure of carbon-dioxide production},
  author={Ozkaya, Ozgur and Balci, Gorkem A and As, Hakan and Yildiztepe, Engin},
  journal={Respiratory Physiology \& Neurobiology},
  volume={294},
  pages={103735},
  year={2021},
  publisher={Elsevier}
}

@article{killick2012optimal,
  title={Optimal detection of changepoints with a linear computational cost},
  author={Killick, Rebecca and Fearnhead, Paul and Eckley, Idris A},
  journal={Journal of the American Statistical Association},
  volume={107},
  number={500},
  pages={1590--1598},
  year={2012},
  publisher={Taylor \& Francis}
}

@article{scott1974cluster,
  title={A cluster analysis method for grouping means in the analysis of variance},
  author={Scott, Andrew Jhon and Knott, Martin},
  journal={Biometrics},
  pages={507--512},
  year={1974},
  publisher={JSTOR}
}

@article{sen1975tests,
  title={On tests for detecting change in mean},
  author={Sen, Ashish and Srivastava, Muni S},
  journal={The Annals of statistics},
  pages={98--108},
  year={1975},
  publisher={JSTOR}
}

@article{van2020evaluation,
  title={An evaluation of change point detection algorithms},
  author={Van den Burg, Gerrit JJ and Williams, Christopher KI},
  journal={arXiv preprint arXiv:2003.06222},
  year={2020}
}

@article{aminikhanghahi2017survey,
  title={A survey of methods for time series change point detection},
  author={Aminikhanghahi, Samaneh and Cook, Diane J},
  journal={Knowledge and information systems},
  volume={51},
  number={2},
  pages={339--367},
  year={2017},
  publisher={Springer}
}

@article{killick2012optimal,
  title={Optimal detection of changepoints with a linear computational cost},
  author={Killick, Rebecca and Fearnhead, Paul and Eckley, Idris A},
  journal={Journal of the American Statistical Association},
  volume={107},
  number={500},
  pages={1590--1598},
  year={2012},
  publisher={Taylor \& Francis}
}

@article{kelle2022mqtt,
  title={MQTT Trafi{\u{g}}inde DoS Sald{\i}r{\i}lar{\i}n{\i}n Makine {\"O}{\u{g}}renmesi ile S{\i}n{\i}fland{\i}r{\i}lmas{\i} ve Modelin SHAP ile Yorumlanmas{\i}},
  author={Kelle, Ali Cihat and H{\"u}seyin, Y{\"u}ce},
  journal={Journal of Materials and Mechatronics: A},
  volume={3},
  number={1},
  pages={50--62},
  year={2022}
}

@article{zhao2018day,
  title={Day-of-week and seasonal patterns of PM2. 5 concentrations over the United States: Time-series analyses using the Prophet procedure},
  author={Zhao, Naizhuo and Liu, Ying and Vanos, Jennifer K and Cao, Guofeng},
  journal={Atmospheric environment},
  volume={192},
  pages={116--127},
  year={2018},
  publisher={Elsevier}
}

@article{taylor2018forecasting,
  title={Forecasting at scale},
  author={Taylor, Sean J and Letham, Benjamin},
  journal={The American Statistician},
  volume={72},
  number={1},
  pages={37--45},
  year={2018},
  publisher={Taylor \& Francis}
}

@article{birge2007,
  title={Minimal penalties for Gaussian model selection},
  author={Birg{\'e}, Lucien and Massart, Pascal},
  journal={Probability theory and related fields},
  volume={138},
  pages={33--73},
  year={2007},
  publisher={Springer}
}

@article{lavielle2005,
  title={Using penalized contrasts for the change-point problem},
  author={Lavielle, Marc},
  journal={Signal processing},
  volume={85},
  number={8},
  pages={1501--1510},
  year={2005},
  publisher={Elsevier}
}

@book{chen2000,
  title={Parametric statistical change point analysis},
  author={Chen, Jie and Gupta, Arjun K and Gupta, AK},
  volume={192},
  year={2000},
  publisher={Springer}
}

@article{guyon1999,
  title={On the underfitting and overfitting sets of models chosen by order selection criteria},
  author={Guyon, Xavier and Yao, Jian-feng},
  journal={Journal of Multivariate Analysis},
  volume={70},
  number={2},
  pages={221--249},
  year={1999},
  publisher={Elsevier}
}

@article{jengupta1987,
  title={On testing homogeneity of variances for Gaussian models},
  author={Jen, Tang and Gupta, Arjun K},
  journal={Journal of Statistical Computation and Simulation},
  volume={27},
  number={2},
  pages={155--173},
  year={1987},
  publisher={Taylor \& Francis}
}

@article{hinkley1970,
  title={Inference about the change-point in a sequence of random variables},
  author={Hinkley, David V},
  year={1970},
  publisher={Oxford University Press}
}
